  @Manual{base2022,
    title = {R: A Language and Environment for Statistical Computing},
    author = {{R Core Team}},
    organization = {R Foundation for Statistical Computing},
    address = {Vienna, Austria},
    year = {2022},
    url = {https://www.R-project.org/},
  }


@Manual{igraph_software,
  title = {{igraph}: Network Analysis and Visualization in R},
  author = {Gábor Csárdi and Tamás Nepusz and Vincent Traag and Szabolcs Horvát and Fabio Zanini and Daniel Noom and Kirill Müller},
  year = {2024},
  note = {R package version 2.0.3},
  doi = {10.5281/zenodo.7682609},
  url = {https://CRAN.R-project.org/package=igraph},
}


@Article{igraph_article,
  title = {The igraph software package for complex network research},
  author = {Gabor Csardi and Tamas Nepusz},
  journal = {InterJournal},
  volume = {Complex Systems},
  pages = {1695},
  year = {2006},
  url = {https://igraph.org},
}

@Article{sp_abstract,
  title = {Centrality in Collaboration: Community Detection for Oncology Researchers},
  author = {Benjamin Smith and Tyler Pittman and Wei Xu},
  journal = {University of Toronto Journal of Public Health},
  volume = {TODO},
  year = {2024},
  url = {https://arxiv.org},
}

@Article{Girvan_Newman_2002,
  title={Community structure in social and biological networks},
  volume={99},
  url={https://www.pnas.org/doi/10.1073/pnas.122653799},
  DOI={10.1073/pnas.122653799},
  number={12},
  journal={Proceedings of the National Academy of Sciences}, author={Girvan, M. and Newman, M. E. J.},
  year={2002},
  month=jun,
  pages={7821–7826}
}

@Article{
  louvain_paper,
  title={Fast unfolding of communities in large networks},
  volume={2008},
  url={https://iopscience.iop.org/article/10.1088/1742-5468/2008/10/P10008},
  DOI={10.1088/1742-5468/2008/10/p10008},
  number={10},
  journal={Journal of Statistical Mechanics Theory and Experiment},
  author={Blondel, Vincent D and Guillaume, Jean-Loup and Lambiotte, Renaud and Lefebvre, Etienne},
  year={2008},
  month=oct,
  pages={P10008}
  }


@misc{
  sp_paper,
  title={Centrality in Collaboration: A novel algorithm for social partitioning gradients in community detection for multiple oncology clinical trial enrollments},
  url={https://arxiv.org/abs/2411.01394},
  journal={arXiv.org},
  author={Smith, Benjamin and Pittman, Tyler and Xu, Wei},
  year={2024},
  month=nov
  }
